<?xml version="1.0" encoding="UTF-8" ?>
<record Numero="13911791" format="InterXMarc_Complet" type="Authority">
<leader>00518c0 au22000272  45  <Pos Code="0004">00518</Pos>
<Pos Code="05" Sens="notice modifiée">c</Pos>
<Pos Code="06" Sens="notice validée par les services d&apos;autorité">0</Pos>
<Pos Code="08" Sens="notice d&apos;autorité">a</Pos>
<Pos Code="09" Sens="titre uniforme musical (TUM)">u</Pos>
<Pos Code="10">2</Pos>
<Pos Code="11">2</Pos>
<Pos Code="1216">00027</Pos>
<Pos Code="17" Sens="autres cas">2</Pos>
<Pos Code="20">4</Pos>
<Pos Code="21">5</Pos>
</leader>
<controlfield tag="001">FRBNF139117912<Pos Code="0001">FR</Pos>
<Pos Code="0204">BNF</Pos>
<Pos Code="0512">13911791</Pos>
<Pos Code="13">2</Pos>
</controlfield>
<controlfield tag="008">890821090429yy    sch       1924                             1   <Pos Code="0001">89</Pos>
<Pos Code="0203">08</Pos>
<Pos Code="0405">21</Pos>
<Pos Code="0607">09</Pos>
<Pos Code="0809">04</Pos>
<Pos Code="1011">29</Pos>
<Pos Code="1213" Sens="ne s&apos;applique pas">yy</Pos>
<Pos Code="1820" Sens="scherzo">sch</Pos>
<Pos Code="2831">1924</Pos>
<Pos Code="61" Sens="La vedette peut être liée à une notice bibliographique sauf pour l&apos;accès matière RAMEAU">1</Pos>
</controlfield>
<datafield tag="048" ind1=" " ind2=" ">
	<subfield code="a">kb01<Pos Code="0001" Sens="clavier - orgue">kb</Pos>
<Pos Code="02">0</Pos>
<Pos Code="03">1</Pos>
</subfield>
</datafield>
<datafield tag="100" ind1=" " ind2=" ">
	<subfield code="3">13893537</subfield>
	<subfield code="w"> 0  b     </subfield>
	<subfield code="a">Duruflé</subfield>
	<subfield code="m">Maurice</subfield>
	<subfield code="d">1902-1986</subfield>
</datafield>
<datafield tag="144" ind1="1" ind2=" ">
	<subfield code="w">....b.fre.</subfield>
	<subfield code="a">Scherzos</subfield>
	<subfield code="b">Orgue</subfield>
	<subfield code="p">Op. 2</subfield>
</datafield>
<datafield tag="600" ind1=" " ind2=" ">
	<subfield code="a">Dédicace à Charles Tournemire</subfield>
	<subfield code="a">Date de composition : 1924</subfield>
</datafield>
<datafield tag="610" ind1=" " ind2=" ">
	<subfield code="a">Grove music online</subfield>
	<subfield code="u">http://www.oxfordmusiconline.co</subfield>
	<subfield code="d">2009-04-23</subfield>
	<subfield code="a">Guide de la musique d&apos;orgue / sous la direction de Gilles Cantagrel, 1991</subfield>
</datafield>
<datafield tag="917" ind1=" " ind2=" ">
	<subfield code="o">OPC</subfield>
	<subfield code="a">100406270</subfield>
</datafield>
<datafield tag="917" ind1=" " ind2=" ">
	<subfield code="o">OPD</subfield>
	<subfield code="a">100245850</subfield>
	<subfield code="b">ATUM</subfield>
</datafield>
<datafield tag="996" ind1=" " ind2=" ">
	<subfield code="o">OPP</subfield>
	<subfield code="a">14801151</subfield>
	<subfield code="d">20080123</subfield>
</datafield>
<Attr Nom="IDPerenne">ark:/12148/cb13911791n</Attr>
<Attr Nom="NumSource">OPC 100406270</Attr>
<Attr Nom="Source" Sens="BnF catalogue général (depuis 1999)">A</Attr>
<Attr Nom="NumAutoriteLiee">13893537</Attr>
<Attr Nom="DateCreation">21/08/ 1989</Attr>
<Attr Nom="ResponsableCreation">MIGV2</Attr>
<Attr Nom="StructCreation">1</Attr>
<Attr Nom="DateDerniereValidation">08/11/ 2010</Attr>
<Attr Nom="ResponsableDerniereValidation">MIGV4</Attr>
<Attr Nom="StructPremiereValidation">1</Attr>
<Attr Nom="DatePremiereValidation">21/08/ 1989</Attr>
<Attr Nom="ResponsablePremiereValidation">MIGV2</Attr>
<Attr Nom="StructDerniereValidation">1</Attr>
<Attr Nom="NumSource" Rep="1">OPD 100245850</Attr>
<Attr Nom="NumSource" Rep="2">OPP 14801151</Attr>
</record>
